@book{Topley2010,
  title = {{{JavaFX Developer}}'s {{Guide}}},
  author = {Topley, Kim},
  date = {2010-09-24},
  eprint = {bnDCXcoZR9MC},
  eprinttype = {googlebooks},
  publisher = {Pearson Education},
  abstract = {Updated for JavaFX 1.3   The JavaFX platform makes it possible to write applications that can be deployed across devices ranging from cell phones to desktops, with little or no change required. JavaFX applications are written using JavaFX Script, a new and easy-to-use scripting language.   Kim Topley’s JavaFXTM Developer’s Guide thoroughly covers the JavaFX language and its core libraries and shows you step by step how to develop and deliver JavaFX applications for the desktop and for mobile devices. It provides complete coverage of all aspects of the language, including  Language syntax Tools you can use to develop, debug, and deploy JavaFX applications User interface classes Animation How to play audio and video How to use RESTful Web services and databases to retrieve the data for your application How to create custom components Transformations User interface basics, attributes, events,and controls JavaFX and networking JavaFX development with NetBeans and Eclipse Packaging and deployment  Topley highlights critical topics that other books gloss over, presents detailed examples that stretch JavaFX to its limits, and shows you exactly how to build on the skills you already have. Whether you’ve been focused on HTML/XML/CSS Web development or Java Swing, this book will help you get outstanding results with JavaFX.},
  isbn = {978-0-321-64895-2},
  langid = {english},
  pagetotal = {1539},
  keywords = {Computers / Languages / Java}
}

@article{Sarker2014,
  title = {{{MVC Architecture Driven Design}} and {{Implementation}} of {{Java Framework}} for {{Developing Desktop Application}}},
  author = {Sarker, Iqbal and Zinnah Apu, Khalid},
  date = {2014-09-30},
  journaltitle = {International Journal of Information Technology},
  shortjournal = {International Journal of Information Technology},
  volume = {7},
  pages = {317--322},
  doi = {10.14257/ijhit.2014.7.5.29},
  file = {C:\Users\Usuario\Zotero\storage\JY8T2B2U\Sarker_Zinnah Apu_2014_MVC Architecture Driven Design and Implementation of Java Framework for.pdf}
}
